<collection xmlns="http://www.loc.gov/MARC21/slim">
<record>
  <leader>00732nam0a22001811i 450 </leader>
  <controlfield tag="001">IT\ICCU\CNCE\058079</controlfield>
  <controlfield tag="005">20200402000000.0</controlfield>
  <datafield tag="100" ind1=" " ind2=" ">
    <subfield code="a">20040510d1542        0itac0103    ba</subfield>
  </datafield>
  <datafield tag="101" ind1=" " ind2=" ">
    <subfield code="a">ITA</subfield>
  </datafield>
  <datafield tag="102" ind1=" " ind2=" ">
    <subfield code="a">IT</subfield>
  </datafield>
  <datafield tag="200" ind1="1" ind2=" ">
    <subfield code="a">Spechio del Mercatante al S. El Signor Zan da Marino, Giouanbattista Verini Fiorentino libro de Abacho, &amp; gioco di memoria</subfield>
  </datafield>
  <datafield tag="210" ind1=" " ind2=" ">
    <subfield code="e">Stampata nella gran Citta di Milano</subfield>
    <subfield code="g">al Ballone</subfield>
    <subfield code="h">1542 adi secundo maggio</subfield>
  </datafield>
  <datafield tag="215" ind1=" " ind2=" ">
    <subfield code="a">\46! c.</subfield>
    <subfield code="c">ill.</subfield>
    <subfield code="d">8ʻ</subfield>
  </datafield>
  <datafield tag="620" ind1=" " ind2=" ">
    <subfield code="a">IT</subfield>
    <subfield code="d">Milano</subfield>
  </datafield>
  <datafield tag="700" ind1=" " ind2="1">
    <subfield code="a">Verini,</subfield>
    <subfield code="b">Giovanni Battista</subfield>
    <subfield code="3">IT\ICCU\CNCA\009641</subfield>
  </datafield>
  <datafield tag="712" ind1="0" ind2="0">
    <subfield code="a">Verini, Giovanni Battista</subfield>
    <subfield code="3">IT\ICCU\CNCT\000392</subfield>
    <subfield code="4">650</subfield>
  </datafield>
  <datafield tag="790" ind1=" " ind2="1">
    <subfield code="a">Verinis,</subfield>
    <subfield code="b">Johannes Baptista : de</subfield>
    <subfield code="3">IT\ICCU\CNCA\025675</subfield>
    <subfield code="z">Verini, Giovanni Battista</subfield>
  </datafield>
  <datafield tag="801" ind1=" " ind2="3">
    <subfield code="a">IT</subfield>
    <subfield code="b">ICCU</subfield>
    <subfield code="c">20201115</subfield>
  </datafield>
</record>
</collection>
